<record><leader>00000cas a22000007a 4500</leader><controlfield tag="001">9806247</controlfield><controlfield tag="008">830812d19821988lauwr ne      0   a0eng d</controlfield><datafield ind1=" " ind2=" " tag="010"><subfield code="a">sn 83002387 </subfield></datafield><datafield ind1=" " ind2=" " tag="040"><subfield code="a">NSD</subfield><subfield code="b">eng</subfield><subfield code="c">NSD</subfield><subfield code="d">LNP</subfield><subfield code="d">OCLCQ</subfield></datafield><datafield ind1=" " ind2=" " tag="012"><subfield code="j">0</subfield><subfield code="l">1</subfield><subfield code="m">1</subfield></datafield><datafield ind1="1" ind2=" " tag="022"><subfield code="a">0739-7534</subfield><subfield code="l">0739-7534</subfield><subfield code="2">1</subfield></datafield><datafield ind1="1" ind2=" " tag="029"><subfield code="a">AU@</subfield><subfield code="b">000025811454</subfield></datafield><datafield ind1=" " ind2=" " tag="032"><subfield code="a">672780</subfield><subfield code="b">USPS</subfield></datafield><datafield ind1=" " ind2=" " tag="037"><subfield code="b">The Weekly News, P.O. Box 209, Marksville, La. 71351</subfield></datafield><datafield ind1=" " ind2=" " tag="042"><subfield code="a">nsdp</subfield></datafield><datafield ind1="0" ind2=" " tag="130"><subfield code="a">Weekly news (Marksville, La. : 1982)</subfield></datafield><datafield ind1=" " ind2="4" tag="222"><subfield code="a">The Weekly news</subfield><subfield code="b">(Marksville, La.)</subfield></datafield><datafield ind1="0" ind2="4" tag="245"><subfield code="a">The Weekly news.</subfield></datafield><datafield ind1="1" ind2="3" tag="246"><subfield code="a">Weekly news and the Cottonport leader</subfield></datafield><datafield ind1=" " ind2=" " tag="260"><subfield code="a">Marksville, La. :</subfield><subfield code="b">Weekly News,</subfield></datafield><datafield ind1=" " ind2=" " tag="300"><subfield code="a">v.</subfield></datafield><datafield ind1=" " ind2=" " tag="310"><subfield code="a">Weekly</subfield></datafield><datafield ind1="0" ind2=" " tag="362"><subfield code="a">Vol. 137, no. 35 (Sept. 2, 1982)-   ;    -143rd year, no. 21 (May 26, 1988).</subfield></datafield><datafield ind1=" " ind2=" " tag="752"><subfield code="a">United States</subfield><subfield code="b">Louisiana</subfield><subfield code="c">Avoyelles</subfield><subfield code="d">Marksville.</subfield></datafield><datafield ind1="0" ind2="0" tag="780"><subfield code="t">Avoyelles news-leader, the weekly news &amp; Cottonport leader</subfield><subfield code="w">(DLC)sn 89059233</subfield></datafield><datafield ind1="0" ind2="0" tag="785"><subfield code="t">Marksville weekly news</subfield><subfield code="x">0899-5842</subfield><subfield code="w">(DLC)sn 88002936</subfield></datafield><datafield ind1=" " ind2=" " tag="936"><subfield code="a">July 21, 1983 (surrogate)</subfield></datafield></record>